@article{paasivaara2018large,
  title={Large-scale agile transformation at Ericsson: a case study},
  author={Paasivaara, Maria and Behm, Benjamin and Lassenius, Casper and Hallikainen, Minna},
  journal={Empirical Software Engineering},
  volume={23},
  number={5},
  pages={2550--2596},
  year={2018},
  publisher={Springer}
}

@article{dikert2016challenges,
  title={Challenges and success factors for large-scale agile transformations: A systematic literature review},
  author={Dikert, Kim and Paasivaara, Maria and Lassenius, Casper},
  journal={Journal of Systems and Software},
  volume={119},
  pages={87--108},
  year={2016},
  publisher={Elsevier}
}

@misc{HenrikNuudayPresentation,
  title = {Agil transformation i YouSee/Nuuday},
  howpublished = {\url{https://vimeo.com/371394166}},
  note = {Accessed: 2020-12-26}
}

@misc{mckinseyAgileIntroduction,
  title = {A tale of two agile paths: How a pair of operators set up their organizational transformations},
  howpublished = {\url{https://www.mckinsey.com/industries/technology-media-and-telecommunications/our-insights/a-tale-of-two-agile-paths-how-a-pair-of-operators-set-up-their-organizational-transformations}},
  note = {Accessed: 2020-12-26}
}

@misc{spotifyMethod,
  title = {SpotifyScaling},
  howpublished = {\url{https://blog.crisp.se/wp-content/uploads/2012/11/SpotifyScaling.pdf}},
  note = {Accessed: 2020-12-26}
}

@inproceedings{uludag2018identifying,
  title={Identifying and structuring challenges in large-scale agile development based on a structured literature review},
  author={Uludag, {\"O}mer and Kleehaus, Martin and Caprano, Christoph and Matthes, Florian},
  booktitle={2018 IEEE 22nd International Enterprise Distributed Object Computing Conference (EDOC)},
  pages={191--197},
  year={2018},
  organization={IEEE}
}

@misc{tdcSplitAnnouncement,
  title = {TDC group changes its organization in Denmark},
  howpublished = {\url{https://tdcgroup.com/en/investor-relations/announcement-list/2018/6/tdc-tdc-group-changes-its-organisation-in-denmark-3494930}},
  note = {Accessed: 2020-12-26}
}

@misc{tdcNuuday,
  title = {TDC Group gennemfører juridisk separation af Nuuday og TDC NetCo},
  howpublished = {\url{https://tdcgroup.com/da/news-and-press/nyheder-og-pressemeddelelser/2019/6/tdc-group-gennemfoerer-juridisk-separation-af-nuuday-og-tdc-netco13574978}},
  note = {Accessed: 2020-12-26}
}


@misc{nuuday,
  title = {About Nuuday},
  howpublished = {\url{https://nuuday.com/about-nuuday}},
  note = {Accessed: 2020-12-26}
}

@misc{acTeleEnterpriseAgileNuuday,
  title = {Enterprise Agile i Nuuday},
  howpublished = {\url{https://ac-tele.dk/enterprise-agile-i-nuuday/}},
  note = {Accessed: 2020-12-26}
}

@inproceedings{litReviewACRole,
  title={A Systematic Literature Review on Agile Coaching and the Role of the Agile Coach},
  author={Stray, Viktoria and Memon, Bakhtawar and Paruch, Lucas},
  booktitle={International Conference on Product-Focused Software Process Improvement},
  pages={3--19},
  year={2020},
  organization={Springer}
}

@mastersthesis{althoff2019qualitative,
  title={Qualitative interview-based research: an exploratory study on the role of the agile coach and how the coach influences the development of agile teams},
  author={Althoff, Sam},
  type={{B.S.} thesis},
  year={2019},
  school={University of Twente}
}

@article{stray2020agile,
  title={The agile coach role: coaching for agile performance impact},
  author={Stray, Viktoria and Tkalich, Anastasiia and Moe, Nils Brede},
  journal={arXiv preprint arXiv:2010.15738},
  year={2020}
}

@inproceedings{fry2007large,
  title={Large scale agile transformation in an on-demand world},
  author={Fry, Chris and Greene, Steve},
  booktitle={Agile 2007 (AGILE 2007)},
  pages={136--142},
  year={2007},
  organization={IEEE}
}

@inproceedings{gandomani2013exploring,
  title={Exploring key factors of pilot projects in agile transformation process using a grounded theory study},
  author={Gandomani, Taghi Javdani and Zulzalil, Hazura and Abd Ghani, Abdul Azim and Sultan, Abu Bakar Md and Sharif, Khaironi Yatim},
  booktitle={International Conference on Information and Software Technologies},
  pages={146--158},
  year={2013},
  organization={Springer}
}

@inproceedings{benefield2008rolling,
  title={Rolling out agile in a large enterprise},
  author={Benefield, Gabrielle},
  booktitle={Proceedings of the 41st Annual Hawaii International Conference on System Sciences (HICSS 2008)},
  pages={461--461},
  year={2008},
  organization={IEEE}
}

@inproceedings{goodman2008s,
  title={" It's Not the Pants, it's the People in the Pants" Learnings from the Gap Agile Transformation What Worked, How We Did it, and What Still Puzzles Us},
  author={Goodman, David and Elbaz, Michael},
  booktitle={Agile 2008 Conference},
  pages={112--115},
  year={2008},
  organization={IEEE}
}

@article{boehm2005management,
  title={Management challenges to implementing agile processes in traditional development organizations},
  author={Boehm, Barry and Turner, Richard},
  journal={IEEE software},
  volume={22},
  number={5},
  pages={30--39},
  year={2005},
  publisher={IEEE}
}

@inproceedings{parizi2014hidden,
  title={Hidden facilitators of agile transition: Agile coaches and agile champions},
  author={Parizi, Reza Meimandi and Gandomani, Taghi Javdani and Nafchi, Mina Ziaei},
  booktitle={2014 8th. Malaysian Software Engineering Conference (MySEC)},
  pages={246--250},
  year={2014},
  organization={IEEE}
}

@book{davies2009agile,
  title={Agile coaching},
  author={Davies, Rachel and Sedley, Liz},
  year={2009},
  publisher={Pragmatic Bookshelf London}
}

@incollection{belling2020agile,
  title={The Agile Coach},
  author={Belling, Shawn},
  booktitle={Succeeding with Agile Hybrids},
  pages={99--106},
  year={2020},
  publisher={Springer}
}


@misc{icaACCertification,
  title = {Agile coach certification},
  howpublished = {\url{https://www.icagile.com/Agile-Delivery/Agile-Coaching/Agile-Coaching}},
  note = {Accessed: 2020-12-26}
}


@misc{scrumAllianceACCertification,
  title = {Agile coach certification},
  howpublished = {\url{https://www.scrumalliance.org/get-certified/become-a-coach
}},
  note = {Accessed: 2020-12-26}
}

@inproceedings{hanly2006agile,
  title={Agile coaching in british telecom: making strawberry jam},
  author={Hanly, Sean and Wai, L and Meadows, Linsley and Leaton, Roger},
  booktitle={AGILE 2006 (AGILE'06)},
  pages={9--pp},
  year={2006},
  organization={IEEE}
}

@inproceedings{silva2007growth,
  title={The growth of an agile coach community at a fortune 200 company},
  author={Silva, Kara and Doss, Chris},
  booktitle={Agile 2007 (AGILE 2007)},
  pages={225--228},
  year={2007},
  organization={IEEE}
}

@article{backlander2019doing,
  title={Doing complexity leadership theory: How agile coaches at Spotify practise enabling leadership},
  author={B{\"a}cklander, Gisela},
  journal={Creativity and Innovation Management},
  volume={28},
  number={1},
  pages={42--60},
  year={2019},
  publisher={Wiley Online Library}
}

@inproceedings{o2014assessing,
  title={Assessing the value of an agile coach in agile method adoption},
  author={O’Connor, Rory V and Duchonova, Natalia},
  booktitle={European Conference on Software Process Improvement},
  pages={135--146},
  year={2014},
  organization={Springer}
}


@misc{wreallyTranscribe,
  title = {Transcribe -  transcription software for converting audio to text},
  howpublished = {\url{https://transcribe.wreally.com/}},
  note = {Accessed: 2020-12-26}
}


@misc{atlastCodingSoftware,
  title = {ATLAS.ti: The Qualitative Data Analysis and Research Software},
  howpublished = {\url{https://atlasti.com/}},
  note = {Accessed: 2020-12-26}
}

@book{wodtke2016introduction,
  title={Introduction to OKRs},
  author={Wodtke, Christina},
  year={2016},
  publisher={O'Reilly Media}
}

@misc{tdcHistory,
  title = {TDC Group - History},
  howpublished = {\url{https://tdcgroup.com/en/who-we-are/history}},
  note = {Accessed: 2020-12-26}
}

@misc{tdcGroupAnnualReport,
  title = {TDC group annual report},
  howpublished = {\url{https://tdcgroup.com/-/media/files/tdccom/documents/credit-report/2020/upload10march/tdc-group-annual-report-2019-optimized.ashx}},
  note = {Accessed: 2020-12-26}
}

@book{dunbar2010many,
  title={How many friends does one person need?: Dunbar's number and other evolutionary quirks},
  author={Dunbar, Robin},
  year={2010},
  publisher={Faber \& Faber}
}

@misc{ingWebsite,
  title = {ING website},
  howpublished = {\url{https://www.ing.com/Home.htm}},
  note = {Accessed: 2021-01-02}
}

@misc{sparkWebsite,
  title = {SPARK website},
  howpublished = {\url{https://www.spark.co.nz/}},
  note = {Accessed: 2021-01-02}
}

@misc{agileManifesto,
  title = {Manifesto for Agile Software Development},
  howpublished = {\url{https://agilemanifesto.org/}},
  note = {Accessed: 2021-01-02}
}

@misc{flowToWorkDefinition,
  title = {The five trademarks of agile organizations},
  howpublished = {\url{https://www.mckinsey.com/business-functions/organization/our-insights/the-five-trademarks-of-agile-organizations}},
  note = {Accessed: 2021-01-02}
}
